
@inproceedings{mesquita_assessing_2018,
  address   = {Turin},
  title     = {Assessing the {ESP8266} {WiFi} module for the {Internet} of {Things}},
  isbn      = {978-1-5386-7108-5},
  url       = {https://ieeexplore.ieee.org/document/8502562/},
  doi       = {10.1109/ETFA.2018.8502562},
  urldate   = {2021-09-19},
  booktitle = {2018 {IEEE} 23rd {International} {Conference} on {Emerging} {Technologies} and {Factory} {Automation} ({ETFA})},
  publisher = {IEEE},
  author    = {Mesquita, Joao and Guimaraes, Diana and Pereira, Carlos and Santos, Frederico and Almeida, Luis},
  month     = sep,
  year      = {2018},
  pages     = {784--791}
}

@inproceedings{montori_is_2017,
  address    = {Modena, Italy},
  title      = {Is {WiFi} suitable for energy efficient {IoT} deployments? {A} performance study},
  isbn       = {978-1-5386-3906-1},
  shorttitle = {Is {WiFi} suitable for energy efficient {IoT} deployments?},
  url        = {http://ieeexplore.ieee.org/document/8065943/},
  doi        = {10.1109/RTSI.2017.8065943},
  urldate    = {2021-09-19},
  booktitle  = {2017 {IEEE} 3rd {International} {Forum} on {Research} and {Technologies} for {Society} and {Industry} ({RTSI})},
  publisher  = {IEEE},
  author     = {Montori, Federico and Contigiani, Riccardo and Bedogni, Luca},
  month      = sep,
  year       = {2017},
  pages      = {1--5}
}

@article{thomas_optimizing_2016,
  title      = {Optimizing {Power} {Consumption} of {Wi}-{Fi} for {IoT} {Devices}: {An} {MSP430} processor and an {ESP}-03 chip provide a power-efficient solution},
  volume     = {5},
  issn       = {2162-2248, 2162-2256},
  shorttitle = {Optimizing {Power} {Consumption} of {Wi}-{Fi} for {IoT} {Devices}},
  url        = {http://ieeexplore.ieee.org/document/7574445/},
  doi        = {10.1109/MCE.2016.2590148},
  number     = {4},
  urldate    = {2021-09-19},
  journal    = {IEEE Consumer Electronics Magazine},
  author     = {Thomas, Darshana and McPherson, Ross and Paul, Greig and Irvine, James},
  month      = oct,
  year       = {2016},
  pages      = {92--100}
}

@inproceedings{kodali_mqtt_2016,
  address   = {Agra, India},
  title     = {{MQTT} based home automation system using {ESP8266}},
  isbn      = {978-1-5090-4177-0},
  url       = {http://ieeexplore.ieee.org/document/7906845/},
  doi       = {10.1109/R10-HTC.2016.7906845},
  urldate   = {2021-09-19},
  booktitle = {2016 {IEEE} {Region} 10 {Humanitarian} {Technology} {Conference} ({R10}-{HTC})},
  publisher = {IEEE},
  author    = {Kodali, Ravi Kishore and Soratkal, SreeRamya},
  month     = dec,
  year      = {2016},
  pages     = {1--5}
}

@article{konstantakos_energy_2008,
  title   = {Energy {Consumption} {Estimation} in {Embedded} {Systems}},
  volume  = {57},
  issn    = {0018-9456, 1557-9662},
  url     = {http://ieeexplore.ieee.org/document/4426072/},
  doi     = {10.1109/TIM.2007.913724},
  number  = {4},
  urldate = {2021-09-19},
  journal = {IEEE Transactions on Instrumentation and Measurement},
  author  = {Konstantakos, V. and Chatzigeorgiou, A. and Nikolaidis, S. and Laopoulos, T.},
  month   = apr,
  year    = {2008},
  pages   = {797--804}
}

@article{department_of_computer_engineering_mehmet_akif_ersoy_university_faculty_of_engineering_and_architecture_burdur_turkey_power_2020,
  title   = {Power {Consumption} {Analysis} of a {Wi}-{Fi}-based {IoT} {Device}},
  volume  = {20},
  issn    = {26199831},
  url     = {http://electricajournal.org/en/power-consumption-analysis-of-a-wi-fi-based-iot-device-13986},
  doi     = {10.5152/electrica.2020.19081},
  number  = {1},
  urldate = {2021-09-19},
  journal = {Electrica},
  author  = {{Department of Computer Engineering, Mehmet Akif Ersoy University, Faculty of Engineering and Architecture, Burdur, Turkey} and Yuksel, Mehmet Erkan},
  month   = feb,
  year    = {2020},
  pages   = {62--70}
}

@book{schwartz_internet_2016,
  address    = {Birmingham Mumbai},
  title      = {Internet of things with {ESP8266}: build amazing internet of things projects using the {ESP8266} {Wi}-{Fi} chip},
  isbn       = {978-1-78646-802-4},
  shorttitle = {Internet of things with {ESP8266}},
  language   = {eng},
  publisher  = {Packt},
  author     = {Schwartz, Marco},
  year       = {2016}
}

@inproceedings{gomez_analysing_2011,
  title     = {Analysing the energy consumption behaviour of {WiFi} networks},
  isbn      = {978-1-4244-9519-1 978-1-4244-9518-4},
  url       = {http://ieeexplore.ieee.org/document/6082515/},
  doi       = {10.1109/GreenCom.2011.6082515},
  urldate   = {2021-09-19},
  booktitle = {2011 {IEEE} {Online} {Conference} on {Green} {Communications}},
  publisher = {IEEE},
  author    = {Gomez, Karina and Riggio, Roberto and Rasheed, Tinku and Granelli, Fabrizio},
  month     = sep,
  year      = {2011},
  pages     = {98--104}
}

@article{li_how_2018,
  title      = {How {DHCP} {Leases} {Meet} {Smart} {Terminals}: {Emulation} and {Modeling}},
  volume     = {5},
  issn       = {2327-4662},
  shorttitle = {How {DHCP} {Leases} {Meet} {Smart} {Terminals}},
  url        = {http://ieeexplore.ieee.org/document/8100864/},
  doi        = {10.1109/JIOT.2017.2771219},
  number     = {1},
  urldate    = {2021-09-19},
  journal    = {IEEE Internet of Things Journal},
  author     = {Li, Fuliang and Wang, Xingwei and Cao, Jiannong and Wang, Renzheng and Bi, Yuanguo},
  month      = feb,
  year       = {2018},
  pages      = {56--68}
}

@inproceedings{yoppy_rssi_2018,
  address   = {Batu, East Java, Indonesia},
  title     = {{RSSI} {Comparison} of {ESP8266} {Modules}},
  isbn      = {978-1-5386-5251-0},
  url       = {https://ieeexplore.ieee.org/document/8692892/},
  doi       = {10.1109/EECCIS.2018.8692892},
  urldate   = {2021-09-19},
  booktitle = {2018 {Electrical} {Power}, {Electronics}, {Communications}, {Controls} and {Informatics} {Seminar} ({EECCIS})},
  publisher = {IEEE},
  author    = {{Yoppy} and Arjadi, R. Harry and Candra, Henry and Prananto, Haryo Dwi and Wijanarko, Tyas Ari Wahyu},
  month     = oct,
  year      = {2018},
  pages     = {150--153}
}
@misc{droms1997rfc2131,
  title     = {RFC2131: Dynamic Host Configuration Protocol},
  author    = {Droms, Ralph},
  year      = {1997},
  publisher = {RFC Editor}
}

@inproceedings{khadilkar2007usage,
  title     = {Usage-based DHCP lease time optimization},
  author    = {Khadilkar, Manas and Feamster, Nick and Sanders, Matt and Clark, Russ},
  booktitle = {Proceedings of the 7th ACM SIGCOMM Conference on Internet Measurement},
  pages     = {71--76},
  year      = {2007}
}

@misc{espressif_inc_esp8266_2016,
  title      = {{ESP8266} {Low} {Power} {Solutions}},
  copyright  = {Copyright © 2016 Espressif Inc. All rights reserved.},
  shorttitle = {{ESP8266} {Low} {Power} {Solutions}},
  url        = {https://www.espressif.com/sites/default/files/9b-esp8266-low_power_solutions_en_0.pdf},
  abstract   = {This document introduces ESP8266 sleep mode and low-power solutions.},
  publisher  = {Espressif Inc.},
  author     = {Espressif Inc.},
  year       = {2016},
  urldate    = {2021-10-12},
}

@article{lucero2016iot,
  title   = {IoT platforms: enabling the Internet of Things},
  author  = {Lucero, Sam and others},
  journal = {White paper},
  year    = {2016}
}

@inproceedings{8079928,
  author    = {Al-Sarawi, Shadi and Anbar, Mohammed and Alieyan, Kamal and Alzubaidi, Mahmood},
  booktitle = {2017 8th International Conference on Information Technology (ICIT)},
  title     = {Internet of Things (IoT) communication protocols: Review},
  year      = {2017},
  volume    = {},
  number    = {},
  pages     = {685-690},
  doi       = {10.1109/ICITECH.2017.8079928}
}

@inproceedings{wsn,
  author       = {Chris Guy},
  title        = {{Wireless sensor networks}},
  volume       = {6357},
  booktitle    = {Sixth International Symposium on Instrumentation and Control Technology: Signal Analysis, Measurement Theory, Photo-Electronic Technology, and Artificial Intelligence},
  editor       = {Jiancheng Fang and Zhongyu Wang},
  organization = {International Society for Optics and Photonics},
  publisher    = {SPIE},
  pages        = {322 -- 325},
  year         = {2006},
  doi          = {},
  url          = {https://doi.org/10.1117/12.716964}
}

@inproceedings{10.1145/1298306.1298315,
  title     = {Usage-Based Dhcp Lease Time Optimization},
  year      = {2007},
  isbn      = {9781595939081},
  publisher = {Association for Computing Machinery},
  address   = {New York, NY, USA},
  url       = {https://doi.org/10.1145/1298306.1298315},
  doi       = {10.1145/1298306.1298315},
  booktitle = {Proceedings of the 7th ACM SIGCOMM Conference on Internet Measurement},
  pages     = {71–76},
  numpages  = {6},
  location  = {San Diego, California, USA},
  series    = {IMC '07}
}

@article{postel1981transmission,
  title={Transmission control protocol},
  author={Postel, Jon and others},
  year={1981},
  publisher={STD 7, RFC 793, September}
}

@article{postel1980user,
  title={User datagram protocol},
  author={Postel, Jon and others},
  year={1980},
  publisher={STD 6, RFC 768, August}
}

@article{singh2014survey,
  title={A survey on TCP (transmission control protocol) and UDP (user datagram protocol) over AODV routing protocol},
  author={Singh, Robin and Tripathi, Praveen and Singh, Rahul},
  journal={International Journal of Research},
  volume={1},
  number={7},
  pages={26--33},
  year={2014},
  publisher={Citeseer}
}
