@ARTICLE{Figueredo:2009dg,
	author = {Figueredo, A.~J. and Wolf, P. S.~A.},
	title = {Assortative pairing and life history strategy - a cross-cultural study.},
	journal = {Human Nature},
	volume = {20},
	pages = {317-330},
	year = {2009}
}

@ARTICLE{SUS:score,
	title = {Determining What Individual SUS Scores Mean: Adding an Adjective Rating Scale},
	author = {Bangor et al},
	year = {2009}
}

@ONLINE{NNG:ten,
	author = {NNG},
	title = {10 Usability Heuristics for User Interface Design},
	year = {2021},
    url = {https://www.nngroup.com/articles/ten-usability-heuristics/},
}

@ONLINE{Suunto:help,
	author = {Suunto},
	title = {online help},
	year = {2021},
    url = {https://www.suunto.com/en-gb/Support/Product-support/suunto_9/suunto_9/getting-started/},
}