
@inproceedings{mesquita_assessing_2018,
	address = {Turin},
	title = {Assessing the {ESP8266} {WiFi} module for the {Internet} of {Things}},
	isbn = {978-1-5386-7108-5},
	url = {https://ieeexplore.ieee.org/document/8502562/},
	doi = {10.1109/ETFA.2018.8502562},
	urldate = {2021-09-19},
	booktitle = {2018 {IEEE} 23rd {International} {Conference} on {Emerging} {Technologies} and {Factory} {Automation} ({ETFA})},
	publisher = {IEEE},
	author = {Mesquita, Joao and Guimaraes, Diana and Pereira, Carlos and Santos, Frederico and Almeida, Luis},
	month = sep,
	year = {2018},
	pages = {784--791},
}

@inproceedings{montori_is_2017,
	address = {Modena, Italy},
	title = {Is {WiFi} suitable for energy efficient {IoT} deployments? {A} performance study},
	isbn = {978-1-5386-3906-1},
	shorttitle = {Is {WiFi} suitable for energy efficient {IoT} deployments?},
	url = {http://ieeexplore.ieee.org/document/8065943/},
	doi = {10.1109/RTSI.2017.8065943},
	urldate = {2021-09-19},
	booktitle = {2017 {IEEE} 3rd {International} {Forum} on {Research} and {Technologies} for {Society} and {Industry} ({RTSI})},
	publisher = {IEEE},
	author = {Montori, Federico and Contigiani, Riccardo and Bedogni, Luca},
	month = sep,
	year = {2017},
	pages = {1--5},
}

@article{thomas_optimizing_2016,
	title = {Optimizing {Power} {Consumption} of {Wi}-{Fi} for {IoT} {Devices}: {An} {MSP430} processor and an {ESP}-03 chip provide a power-efficient solution},
	volume = {5},
	issn = {2162-2248, 2162-2256},
	shorttitle = {Optimizing {Power} {Consumption} of {Wi}-{Fi} for {IoT} {Devices}},
	url = {http://ieeexplore.ieee.org/document/7574445/},
	doi = {10.1109/MCE.2016.2590148},
	number = {4},
	urldate = {2021-09-19},
	journal = {IEEE Consumer Electronics Magazine},
	author = {Thomas, Darshana and McPherson, Ross and Paul, Greig and Irvine, James},
	month = oct,
	year = {2016},
	pages = {92--100},
}
